<?xml version="1.0" encoding="UTF-8"?><collection xmlns="http://www.loc.gov/MARC21/slim"><record><leader>00351nam--2200121-i-4500</leader><controlfield tag="001">000016438</controlfield><controlfield tag="002">20161230</controlfield><controlfield tag="005">20161230201031</controlfield><controlfield tag="008">060222s1000------------r-----000-0-eng-d</controlfield><datafield ind1=" " ind2=" " tag="100"><subfield code="a">Collet,Luc-henry</subfield></datafield><datafield ind1=" " ind2=" " tag="245"><subfield code="a">De l influence de la solvatation des ions sur la conductibilite des electrolytes.these</subfield></datafield><datafield ind1=" " ind2=" " tag="260"><subfield code="a">Paris,Universite,1955. 26 P</subfield></datafield><datafield ind1=" " ind2=" " tag="852"><subfield code="a">78251</subfield></datafield></record></collection>